<record><leader>00000cas a22000007a 4500</leader><controlfield tag="001">14868536</controlfield><controlfield tag="008">861124c19509999txudn ne      0   a0eng d</controlfield><datafield ind1=" " ind2=" " tag="010"><subfield code="a">sn 86090257 </subfield></datafield><datafield ind1=" " ind2=" " tag="040"><subfield code="a">PPM</subfield><subfield code="b">eng</subfield><subfield code="c">PPM</subfield><subfield code="d">NSD</subfield><subfield code="d">OCLCQ</subfield></datafield><datafield ind1=" " ind2=" " tag="012"><subfield code="l">1</subfield></datafield><datafield ind1="1" ind2=" " tag="022"><subfield code="a">1934-7014</subfield><subfield code="l">1934-7014</subfield><subfield code="2">1</subfield></datafield><datafield ind1=" " ind2=" " tag="042"><subfield code="a">msc</subfield><subfield code="a">nsdp</subfield></datafield><datafield ind1="1" ind2="0" tag="050"><subfield code="a">ISSN RECORD</subfield></datafield><datafield ind1=" " ind2="4" tag="222"><subfield code="a">The Snyder daily news</subfield></datafield><datafield ind1="0" ind2="4" tag="245"><subfield code="a">The Snyder daily news.</subfield></datafield><datafield ind1=" " ind2=" " tag="260"><subfield code="a">Snyder, Tex. :</subfield><subfield code="b">Times Print. Co.</subfield></datafield><datafield ind1=" " ind2=" " tag="310"><subfield code="a">Daily (except Sat.)</subfield></datafield><datafield ind1="0" ind2=" " tag="362"><subfield code="a">Vol. 1, no. 1 (May 1, 1950)-</subfield></datafield><datafield ind1=" " ind2=" " tag="752"><subfield code="a">United States</subfield><subfield code="b">Texas</subfield><subfield code="c">Scurry</subfield><subfield code="d">Snyder.</subfield></datafield><datafield ind1="0" ind2="0" tag="780"><subfield code="t">Scurry County times</subfield></datafield><datafield ind1="1" ind2=" " tag="029"><subfield code="a">AU@</subfield><subfield code="b">000041054148</subfield></datafield></record>